
@book{corless_graduate_2013,
	address = {New York, NY},
	title = {A {Graduate} {Introduction} to {Numerical} {Methods}},
	isbn = {978-1-4614-8452-3 978-1-4614-8453-0},
	url = {http://link.springer.com/10.1007/978-1-4614-8453-0},
	language = {en},
	urldate = {2017-09-25},
	publisher = {Springer New York},
	author = {Corless, Robert M. and Fillion, Nicolas},
	year = {2013},
	note = {DOI: 10.1007/978-1-4614-8453-0},
	file = {10.1007978-1-4614-8453-0.pdf:/home/alexander/.zotero/zotero/7645acxw.default/zotero/storage/AB3TMVKG/10.1007978-1-4614-8453-0.pdf:application/pdf}
}